@article{gafni1981distributed,
  title={Distributed algorithms for generating loop-free routes in networks with frequently changing topology},
  author={Gafni, Eli and Bertsekas, Dimitri},
  journal={IEEE transactions on communications},
  volume={29},
  number={1},
  pages={11--18},
  year={1981},
  publisher={IEEE}
}

@misc{ns3,
  author       = {The NS-3 Consortium},
  title        = {NS-3 Network Simulator},
  howpublished = {\url{https://www.nsnam.org/}},
  year         = {2023},
  note         = {Accessed: 2025-01-10}
}

@misc{Messina2025,
  author       = {Gabriele Messina},
  title        = {p2p\_networks\_course - LRA Routing Protocol Simulation using ns-3},
  year         = {2025},
  url          = {https://github.com/GabrieleMessina/p2p_networks_course},
}
